@techreport{CMSLumiMeasurement2013,
abstract = {The measurement of the LHC luminosity delivered to CMS in the 2012 proton-proton physics run is presented. Results are based on cluster counting from the silicon pixel detector. The luminosity calibration is updated using the Van der Meer scans per- formed in November 2012. The overall uncertainty on the integrated luminosity is estimated to be 2.5{\%} (syst.)+0.5{\%} (stat.).},
address = {Geneva},
author = {{CMS Collaboration}},
file = {:C$\backslash$:/Users/Bastian/Uni/Paper/CMS Collaboration/CMS Collaboration{\_}CMS Luminosity Based on Pixel Cluster Counting - Summer 2013 Update.pdf:pdf},
institution = {CERN},
number = {CMS-PAS-LUM-13-001},
title = {{CMS Luminosity Based on Pixel Cluster Counting - Summer 2013 Update}},
type = {CMS Physics Analysis Summary},
url = {http://cdsweb.cern.ch/record/1598864},
year = {2013}
}
@article{Geant4,
author = {Agostinelli, S and Others},
doi = {10.1016/S0168-9002(03)01368-8},
journal = {Nucl. Instrum. Meth. A},
pages = {250},
title = {{{\{}GEANT4{\}} --- a simulation toolkit}},
volume = {506},
year = {2003}
}
@article{CMSHtautauEvidence2014,
abstract = {A search for a standard model Higgs boson decaying into a pair of tau leptons is performed using events recorded by the CMS experiment at the LHC in 2011 and 2012. The dataset corresponds to an integrated luminosity of 4.9 inverse femtobarns at a centre-of-mass energy of 7 TeV and 19.7 inverse femtobarns at 8 TeV. Each tau lepton decays hadronically or leptonically to an electron or a muon, leading to six different final states for the tau-lepton pair, all considered in this analysis. An excess of events is observed over the expected background contributions, with a local significance larger than 3 standard deviations for m[H] values between 115 and 130 GeV. The best fit of the observed H to tau tau signal cross section for m[H] = 125 GeV is 0.78 +- 0.27 times the standard model expectation. These observations constitute evidence for the 125 GeV Higgs boson decaying to a pair of tau leptons.},
archivePrefix = {arXiv},
arxivId = {1401.5041},
author = {{CMS Collaboration}},
doi = {10.1007/JHEP05(2014)104},
eprint = {1401.5041},
file = {:C$\backslash$:/Users/Bastian/Uni/Paper/CMS Collaboration/CMS Collaboration{\_}Evidence for the 125 GeV Higgs boson decaying to a pair of $\tau$ leptons.pdf:pdf},
issn = {1029-8479},
journal = {Journal of High Energy Physics},
keywords = {CMS,Evidence,Higgs},
mendeley-tags = {CMS,Evidence,Higgs},
month = {may},
number = {5},
pages = {104},
title = {{Evidence for the 125 GeV Higgs boson decaying to a pair of $\tau$ leptons}},
url = {http://link.springer.com/10.1007/JHEP05(2014)104 http://arxiv.org/abs/1401.5041 http://cds.cern.ch/record/1643937},
volume = {2014},
year = {2014}
}
@misc{schematicCMS,
author  = {David Barney},
title   = {large transverse view},
year    = {2011},
howpublished = {\url{https://cms-docdb.cern.ch/cgi-bin/PublicDocDB/ShowDocument?docid=5697}},
note	= {modified by Bastian Kargoll; last checked 17.6.2016}
}
@misc{vertextrack,
author = {Dominik Haitz},
title = {Analyse von Z nach Myon Myon + Jet Ereignissen und Kalibration der Jet-Energieskala des CMS-Detektors},
year = {2013},
note = {KIT Karlsruhe, PhD thesis; \url{http://www-ekp.physik.uni-karlsruhe.de/~thesis/data/iekp-ka2013-12.pdf}}
}
@misc{bachelorCMSartur,
author = {Artur Akhmetshin},
title = {Studien zur Bestimmung der CP-Symmetrie der Kopplung des Higgs-Bosons an tau-Leptonen},
month = {9},
year = {2014},
note = {page: 3}
}
@article{HiggsZZ,
author = {{CMS collaboration}},
doi = {10.1103/PhysRevLett.110.081803},
archivePrefix = {arXiv},
arxivId = {1212.6639},
journal = {Phys. Rev. Lett. 110 (2013) 081803},
title = {Study of the mass and spin-parity of the Higgs boson candidate via its decays to Z boson pairs},
year = {2013},
url = {http://arxiv.org/abs/1212.6639},
note = {result shown in Fig.3}
}
@misc{CMStechnical,
author = {{CMS collaboration}},
title = {CMS Physics : Technical Design Report Volume 1: Detector Performance and Software},
year = {2006},
note = {CERN. Geneva.}
}
@article{berge1,
author = {Stefan Berge and Werner Bernreuther and Sebastian Kirchner},
doi = {10.1140/epjc/s10052-014-3164-0},
archivePrefix = {arXiv},
arxivId = {1408.0798},
journal = {Eur.Phys.J. C74 (2014) 11, 3164},
title = {Determination of the Higgs CP mixing angle in the tau decay channels at the LHC including the Drell-Yan background},
year = {2014},
url = {http://arxiv.org/abs/1408.0798}
}
@misc{BRhiggs,
author = {Rei Tanaka},
title = {SM Higgs Branching Ratios and Total Decay Widths},
year = {2016},
howpublished = {\url{https://twiki.cern.ch/twiki/bin/view/LHCPhysics/CERNYellowReportPageBR}}
}
@misc{pdgid,
title = {Monte Carlo particle numbering scheme},
note = {\url{http://pdg.lbl.gov/2007/reviews/montecarlorpp.pdf}}
}
@misc{BRtau,
author = {K. G. Hayes},
title = {tau branching fractions},
year = {2014},
note = {\url{http://pdg.lbl.gov/2014/reviews/rpp2014-rev-tau-branching-fractions.pdf}}
}
@misc{lumiprojections,
author = {Oliver Pooth},
title = {LHC/HL-LHC Plan and Phase 2 Tracker},
note = {CMS meeting presentation on 31.5.2016: \url{https://indico.cern.ch/event/489587/attachments/1282066/1905182/cms_meeting_20160531.pdf}}
}
@article{TauSpinner,
author = {Z. Czyczula and T. Przedzinski and Z. Was},
doi = {10.1140/epjc/s10052-012-1988-z},
archivePrefix = {arXiv},
arxivId = {1201.0117},
journal = {Eur.Phys.J. C72:1988},
title = {TauSpinner program for studies on spin effect in tau production at the LHC},
year = {2012},
url = {https://arxiv.org/pdf/1201.0117v2.pdf}
}
@misc{madgraph,
author = {Johan Alwall and Michel Herquet and Fabio Maltoni and Olivier Mattelaer and Tim Stelzer},
title = {MadGraph 5 : Going Beyond},
doi = {10.1007/JHEP06(2011)128}
}
@article{pythia8,
author = {Torbjoern Sj\"ostrand and Stephen Mrenna and Peter Skands},
title = {A Brief Introduction to PYTHIA 8.1},
journal = {Comput.Phys.Commun.178:852-867,2008},
doi = {10.1016/j.cpc.2008.01.036},
year = {2007},
archivePrefix = {arXiv},
arxivId = {110.3820},
url = {https://arxiv.org/abs/0710.3820}
}
@misc{mcatnlo,
author = {Stefano Frixione and Fabian Stoeckli and Paolo Torrielli and Bryan R. Webber and Chris D. White},
title = {The MC@NLO 4.0 Event Generator},
note = {\url{https://arxiv.org/abs/1010.0819}}
}
@article{powheg,
author = {Carlo Oleari},
title = {The POWHEG-BOX},
journal = {Nucl.Phys.Proc.Suppl.205-206:36-41,2010},
doi = {10.1016/j.nuclphysbps.2010.08.016},
year = {2010},
archivePrefix = {arXiv},
arxivId = {1007.3893},
url = {https://arxiv.org/abs/1007.3893}
}
@article{higgsfound1,
author = {{CMS Collaboration}},
title = {Observation of the diphoton decay of the Higgs boson and measurement of its properties},
journal = {Eur. Phys. J. C 74 (2014) 3076},
doi = {10.1140/epjc/s10052-014-3076-z},
year = {2014},
archivePrefix = {arXiv},
arxivId = {1407.0558},
url = {https://arxiv.org/abs/1407.0558}
}
@article{higgsfound2,
author = {{CMS Collaboration}},
title = {Measurement of the properties of a Higgs boson in the four-lepton final state},
journal = {Phys. Rev. D 89 (2014) 092007},
doi = {10.1103/PhysRevD.89.092007},
year = {2014},
archivePrefix = {arXiv},
arxivId = {1312.5353},
url = {https://arxiv.org/abs/1312.5353}
}
@misc{PeterHiggs,
author = {Peter Higgs},
title = {Broken symmetries, massless particles and gauge fields},
note = {\url{https://lhc-machine-outreach.web.cern.ch/lhc-machine-outreach/particle-physics/higgs/1-s2.0-0031916364911369-main.pdf}}
}
@misc{EnglertBrout,
author = {Francois Englert and Robert Brout},
title = {Broken Symmetries and the Mass of Gauge Vector Mesons},
doi = {10.1103/PhysRevLett.13.321}
}
@article{berge2,
author = {Stefan Berge and Werner Bernreuther and B. Niepelt and H. Spiesberger},
doi = {	10.1103/PhysRevD.84.116003},
archivePrefix = {arXiv},
arxivId = {1108.0670},
journal = {Phys. Rev. D.84, 116003 (2011)},
title = {How to pin down the CP quantum numbers of a Higgs boson in its tau decays at the LHC},
year = {2012},
url = {http://arxiv.org/abs/1108.0670}
}
@misc{htautauanalyse,
title = {Z to tau tau cross section measurement at 13 TeV},
note = {To be published: \url{http://cms.cern.ch/iCMS/analysisadmin/analysismanagement?awg=HIG&awgyear=2015&dataset=All}}
}
@article{higgsevidence,
author = {{CMS Collaboration}},
doi = {10.1007/JHEP05(2014)104},
archivePrefix = {arXiv},
arxivId = {1401.5041},
journal = {JHEP 05 (2014) 104},
title = {Evidence for the 125 GeV Higgs boson decaying to a pair of tau leptons},
year = {2014},
url = {https://arxiv.org/abs/1401.5041}
}
@article{berge3,
author = {Stefan Berge and Werner Bernreuther},
doi = {10.1016/j.physletb.2008.12.065},
archivePrefix = {arXiv},
arxivId = {0812.1910},
journal = {Phys.Lett.B671:470-476,2009},
title = {Determining the CP parity of Higgs bosons at the LHC in the Ï„ to 1-prong decay channels},
year = {2008},
url = {http://arxiv.org/abs/0812.1910}
}